<?xml version="1.0" encoding="utf-8"?>
<record xmlns="http://www.loc.gov/MARC21/slim" xmlns:xsi="http://www.w3.org/2001/XMLSchema-instance" xsi:schemaLocation="http://www.loc.gov/MARC21/slim http://www.loc.gov/standards/marcxml/schema/MARC21slim.xsd">
	<leader>     nam a22     Mi 4500</leader>
	<controlfield tag="001">3264100</controlfield>
	<controlfield tag="003">NjP</controlfield>
	<controlfield tag="006">m        d        </controlfield>
	<controlfield tag="007">cr cn |||m|||a</controlfield>
	<controlfield tag="008">190815s1926    le      o     000 0 ara d</controlfield>
	<datafield ind1="7" ind2=" " tag="024">
		<subfield code="a">princeton_aco002028</subfield>
		<subfield code="2">local</subfield>
	</datafield>
	<datafield ind1=" " ind2=" " tag="040">
		<subfield code="a">ZYU</subfield>
		<subfield code="b">ara</subfield>
		<subfield code="c">ZYU</subfield>
	</datafield>
	<datafield ind1="1" ind2=" " tag="041">
		<subfield code="a">ara</subfield>
		<subfield code="h">eng</subfield>
	</datafield>
	<datafield ind1="2" ind2=" " tag="110">
		<subfield code="a">Freemasons.</subfield>
		<subfield code="b">Grand Lodge of Scotland.</subfield>
		<subfield code="0">http://id.loc.gov/authorities/names/no2001003364</subfield>
	</datafield>
	<datafield ind1="1" ind2="3" tag="245">
		<subfield code="6">880-01</subfield>
		<subfield code="a">al-Qānūn al-ʻumūmī lil-Maḥfil al-Akbar al-Iskūtlāndī</subfield>
		<subfield code="h">[electronic resource] /</subfield>
		<subfield code="c">ʻarrabahu ʻan al-naskhah al-Inklīzīyah al-maṭbūʻah sanat 1923 Jūrj Ashqar wa-Wadīʻ Ḥannā.</subfield>
	</datafield>
	<datafield ind1=" " ind2=" " tag="260">
		<subfield code="6">880-02</subfield>
		<subfield code="a">Bayrūt :</subfield>
		<subfield code="b">Maṭbaʻat Majallat al-Maʻārif,</subfield>
		<subfield code="c">1926.</subfield>
	</datafield>
	<datafield ind1=" " ind2=" " tag="300">
		<subfield code="a">online resource (236 p.)</subfield>
	</datafield>
	<datafield ind1=" " ind2=" " tag="500">
		<subfield code="a">Translated from the English.</subfield>
	</datafield>
	<datafield ind1=" " ind2=" " tag="500">
		<subfield code="a">Part of the Arabic Collections Online (ACO) project, contributed by Princeton University Libraries.</subfield>
	</datafield>
	<datafield ind1=" " ind2=" " tag="533">
		<subfield code="a">Electronic reproduction.</subfield>
		<subfield code="b">New York, N.Y. :</subfield>
		<subfield code="c">New York University,</subfield>
		<subfield code="d">2019.</subfield>
		<subfield code="5">NNU</subfield>
	</datafield>
	<datafield ind1="2" ind2="0" tag="610">
		<subfield code="a">Freemasons</subfield>
		<subfield code="z">Scotland</subfield>
		<subfield code="x">Constitution.</subfield>
	</datafield>
	<datafield ind1="2" ind2=" " tag="710">
		<subfield code="a">Princeton University.</subfield>
		<subfield code="b">Library.</subfield>
	</datafield>
	<datafield ind1="0" ind2=" " tag="730">
		<subfield code="a">Arabic Collections Online.</subfield>
	</datafield>
	<datafield ind1="0" ind2="8" tag="776">
		<subfield code="i">Print version:</subfield>
		<subfield code="a">Freemasons. Grand Lodge of Scotland. http://id.loc.gov/authorities/names/no2001003364</subfield>
		<subfield code="t">al-Qānūn al-ʻumūmī lil-Maḥfil al-Akbar al-Iskūtlāndī</subfield>
		<subfield code="w">(NjP)3264100</subfield>
	</datafield>
	<datafield ind1="4" ind2="0" tag="856">
		<subfield code="u">http://hdl.handle.net/2333.1/q83bkc6m</subfield>
	</datafield>
	<datafield ind1="1" ind2="2" tag="880">
		<subfield code="6">245-01</subfield>
		<subfield code="a">القانون العمومي للمحفل الاكبر الاسكوتلاندي /</subfield>
		<subfield code="c">عربه عن النسخة الانكليزية المطبوعة سنة 1923 جورج اشقر ووديع حنا.</subfield>
	</datafield>
	<datafield ind1=" " ind2=" " tag="880">
		<subfield code="6">260-02</subfield>
		<subfield code="a">بيروت :</subfield>
		<subfield code="b">مطبعة مجلة المعارف،</subfield>
		<subfield code="c">1926.</subfield>
	</datafield>
	<datafield ind1=" " ind2=" " tag="904">
		<subfield code="a">ay</subfield>
		<subfield code="b">a</subfield>
		<subfield code="h">n</subfield>
		<subfield code="c">b</subfield>
		<subfield code="e">20001213</subfield>
	</datafield>
	<datafield ind1=" " ind2=" " tag="902">
		<subfield code="a">jeb</subfield>
		<subfield code="c">b</subfield>
		<subfield code="d">v</subfield>
		<subfield code="f">1</subfield>
		<subfield code="s">m</subfield>
		<subfield code="b">o</subfield>
		<subfield code="e">20010110</subfield>
	</datafield>
	<datafield ind1=" " ind2=" " tag="959">
		<subfield code="a">2000-12-13 12:09:05 -0400</subfield>
	</datafield>
	<datafield ind1=" " ind2=" " tag="959">
		<subfield code="a">NNU</subfield>
		<subfield code="b">WEB</subfield>
		<subfield code="c">GENI</subfield>
		<subfield code="t">0</subfield>
		<subfield code="m">Electronic access</subfield>
		<subfield code="s">01</subfield>
	</datafield>
	<datafield ind1=" " ind2=" " tag="999">
		<subfield code="i">NjP_3264100</subfield>
		<subfield code="s">princeton_aco002028</subfield>
		<subfield code="e">(ERROR-880)(ERROR-MISC)</subfield>
		<subfield code="s">princeton_aco002028</subfield>
	</datafield>
</record>
